<?xml version="1.0" encoding="UTF-8"?><collection xmlns="http://www.loc.gov/MARC21/slim"><record><leader>00407nam--2200145-i-4500</leader><controlfield tag="001">000034040</controlfield><controlfield tag="002">20161230</controlfield><controlfield tag="005">20161230201039</controlfield><controlfield tag="008">060222s1000------------r-----000-0-eng-d</controlfield><datafield ind1=" " ind2=" " tag="080"><subfield code="a">614.825</subfield></datafield><datafield ind1=" " ind2=" " tag="100"><subfield code="a">Muller, Rolf</subfield></datafield><datafield ind1=" " ind2=" " tag="245"><subfield code="a">Protectia contra tensiunilor de atingere in instalatiile de joasa tensiune</subfield></datafield><datafield ind1=" " ind2=" " tag="260"><subfield code="a">Bucuresti, Ed. Tehnica, 1971, 493p</subfield></datafield><datafield ind1=" " ind2=" " tag="490"><subfield code="a">Seria Electro-energetica</subfield></datafield><datafield ind1=" " ind2=" " tag="852"><subfield code="a">37747</subfield></datafield></record></collection>